<?xml version="1.0" encoding="UTF-8"?><record xmlns="http://www.loc.gov/MARC21/slim" xmlns:cinclude="http://apache.org/cocoon/include/1.0" xmlns:zs="http://www.loc.gov/zing/srw/">
  <leader>00457cz  a2200133n  4500</leader>
  <controlfield tag="001">n  87824892 </controlfield>
  <controlfield tag="003">DLC</controlfield>
  <controlfield tag="005">20080411075542.0</controlfield>
  <controlfield tag="008">870418n| acannaabn          |n and      </controlfield>
  <datafield tag="010" ind1=" " ind2=" ">
    <subfield code="a">n  87824892 </subfield>
  </datafield>
  <datafield tag="035" ind1=" " ind2=" ">
    <subfield code="a">(OCoLC)oca01835934</subfield>
  </datafield>
  <datafield tag="040" ind1=" " ind2=" ">
    <subfield code="a">DLC</subfield>
    <subfield code="b">eng</subfield>
    <subfield code="c">DLC</subfield>
    <subfield code="d">OCoLC</subfield>
  </datafield>
  <datafield tag="110" ind1="2" ind2=" ">
    <subfield code="a">Newaygo County Historical Society</subfield>
  </datafield>
  <datafield tag="670" ind1=" " ind2=" ">
    <subfield code="a">nuc87-35091: Profiles of yesteryear, 1976-</subfield>
    <subfield code="b">(hdg. on WHi rept.: Newaygo County Historical Society; usage: Newaygo County Historical Society)</subfield>
  </datafield>
</record>